@online{second-order-framework,
  title  = {A framework for second order eigenvector centralities and clustering coefficients},
  author = {Francesca Arrigo, Desmond J. Higham, Francesco Tudisco},
  url    = {https://arxiv.org/pdf/1910.12711.pdf}
}

@online{graph-def,
  title  = {MSc Gráfelmélet},
  author = {Laczik Sándor János},
  url    = {http://www.math.u-szeged.hu/~hajnal/courses/MSc_Grafelmelet/MSc_graf10/ea01.pdf}
}

@online{centrality-def,
  title  = {Hálózattudomány, 2. előadás},
  author = {London András},
  url    = {http://www.inf.u-szeged.hu/~london/Halozatok/halozat2.pdf}
}

@online{power-method-def,
  title  = {Közelítő és szimbolikus számítások, 7. gyakorlat},
  author = {Gelle Kitti},
  url    = {http://inf.u-szeged.hu/~kgelle/sites/default/files/upload/07_hatvanymodszer.pdf}
}

@online{python,
  title = {Python 3.10.4 documentation},
  url   = {https://www.python.org/}
}

@online{networkx,
  title = {NetworkX documentation},
  url   = {https://networkx.org/documentation/networkx-1.9/}
}

@online{karate-club,
  title = {Zachary's karate club},
  url   = {https://en.wikipedia.org/wiki/Zachary%27s_karate_club}
}

@online{network-repository,
  title = {Network Repository},
  url   = {https://networkrepository.com/}
}

